<?xml version="1.0" encoding="UTF-8"?><record xmlns="http://www.loc.gov/MARC21/slim" xmlns:cinclude="http://apache.org/cocoon/include/1.0" xmlns:zs="http://www.loc.gov/zing/srw/">
  <leader>01159nz  a2200241n  4500</leader>
  <controlfield tag="001">no2015115009</controlfield>
  <controlfield tag="003">DLC</controlfield>
  <controlfield tag="005">20150830184848.0</controlfield>
  <controlfield tag="008">150828n| azannaabn          |a aaa     c</controlfield>
  <datafield tag="010" ind1=" " ind2=" ">
    <subfield code="a">no2015115009</subfield>
  </datafield>
  <datafield tag="035" ind1=" " ind2=" ">
    <subfield code="a">(OCoLC)oca10256684</subfield>
  </datafield>
  <datafield tag="040" ind1=" " ind2=" ">
    <subfield code="a">UPB</subfield>
    <subfield code="b">eng</subfield>
    <subfield code="e">rda</subfield>
    <subfield code="c">UPB</subfield>
  </datafield>
  <datafield tag="046" ind1=" " ind2=" ">
    <subfield code="k">2015</subfield>
  </datafield>
  <datafield tag="100" ind1="1" ind2=" ">
    <subfield code="a">Scalamonti, Francesco.</subfield>
    <subfield code="t">Vita viri clarissimi et famosissimi Kyriaci Anconitani.</subfield>
    <subfield code="l">Latin</subfield>
    <subfield code="s">(Mitchell, Bodnar and Foss)</subfield>
  </datafield>
  <datafield tag="377" ind1=" " ind2=" ">
    <subfield code="a">lat</subfield>
  </datafield>
  <datafield tag="381" ind1=" " ind2=" ">
    <subfield code="a">Mitchell, Bodnar and Foss</subfield>
  </datafield>
  <datafield tag="400" ind1="1" ind2=" ">
    <subfield code="a">Scalamonti, Francesco.</subfield>
    <subfield code="t">Vita viri clarissimi et famosissimi Kyriaci Anconitani.</subfield>
    <subfield code="l">Latin</subfield>
    <subfield code="s">(I Tatti Renaissance library)</subfield>
  </datafield>
  <datafield tag="500" ind1="1" ind2=" ">
    <subfield code="w">r</subfield>
    <subfield code="i">Editor:</subfield>
    <subfield code="a">Mitchell, Charles,</subfield>
    <subfield code="d">1912-1995</subfield>
  </datafield>
  <datafield tag="500" ind1="1" ind2=" ">
    <subfield code="w">r</subfield>
    <subfield code="i">Editor:</subfield>
    <subfield code="a">Bodnar, Edward W.</subfield>
  </datafield>
  <datafield tag="500" ind1="1" ind2=" ">
    <subfield code="w">r</subfield>
    <subfield code="i">Editor:</subfield>
    <subfield code="a">Foss, Clive</subfield>
  </datafield>
  <datafield tag="500" ind1="0" ind2=" ">
    <subfield code="w">r</subfield>
    <subfield code="i">Translated as:</subfield>
    <subfield code="a">Scalamonti, Francesco.</subfield>
    <subfield code="t">Vita viri clarissimi et famosissimi Kyriaci Anconitani.</subfield>
    <subfield code="l">English</subfield>
    <subfield code="s">(Mitchell, Bodnar and Foss)</subfield>
  </datafield>
  <datafield tag="530" ind1=" " ind2="0">
    <subfield code="w">r</subfield>
    <subfield code="i">In series:</subfield>
    <subfield code="a">I Tatti Renaissance library</subfield>
  </datafield>
  <datafield tag="670" ind1=" " ind2=" ">
    <subfield code="a">Ciriaco, d'Ancona. Life and early travels, 2015:</subfield>
    <subfield code="b">title page (edited and translated by Charles Mitchell, Edward W. Bodnar and Clive Foss) series title page (The I Tatti Renaissance library)</subfield>
  </datafield>
</record>